
@article{Roll2016,
    author = "Roll I. and Wylie R.",
    title = "Evolution and Revolution in Artificial Intelligence in Education.",
    journal = "Int J Artif Intell Educ",
    volume = "26",
    issn = "582-599",
    year = "2016",
}

@article{VanLehn2011,
author = { KURT   VanLEHN },
title = {The Relative Effectiveness of Human Tutoring, Intelligent Tutoring Systems, and Other Tutoring Systems},
journal = {Educational Psychologist},
volume = {46},
number = {4},
pages = {197-221},
year  = {2011},
publisher = {Routledge},
doi = {10.1080/00461520.2011.611369},
}

@article{KRAFFT2020,
title = "Challenges and Opportunities for Marketing Scholars in Times of the Fourth Industrial Revolution",
journal = "Journal of Interactive Marketing",
volume = "51",
pages = "1 - 8",
year = "2020",
issn = "1094-9968",
doi = "https://doi.org/10.1016/j.intmar.2020.06.001",
url = "http://www.sciencedirect.com/science/article/pii/S109499682030102X",
author = "Manfred Krafft and Laszlo Sajtos and Michael Haenlein",
}

@article{Jiming2003,
  author={ {Jiming Liu} and  {Chi Kuen Wong} and  {Ka Keung Hui}},
  journal={IEEE Intelligent Systems}, 
  title={An adaptive user interface based on personalized learning}, 
  year={2003},
  volume={18},
  number={2},
  pages={52-57},
  doi={10.1109/MIS.2003.1193657}
}
  
@INPROCEEDINGS{Ciolacu2018,
  author={M. {Ciolacu} and A. F. {Tehrani} and L. {Binder} and P. M. {Svasta}},
  booktitle={2018 IEEE 24th International Symposium for Design and Technology in Electronic Packaging (SIITME)}, 
  title={Education 4.0 - Artificial Intelligence Assisted Higher Education: Early recognition System with Machine Learning to support Students' Success}, 
  year={2018},
  pages={23-30},
  doi={10.1109/SIITME.2018.8599203}
}
  
@article{LLAMASNISTAL2013,
title = "Blended e-assessment: Migrating classical exams to the digital world",
journal = "Computers \& Education",
volume = "62",
pages = "72 - 87",
year = "2013",
issn = "0360-1315",
doi = "https://doi.org/10.1016/j.compedu.2012.10.021",
url = "http://www.sciencedirect.com/science/article/pii/S0360131512002497",
author = "Martín Llamas-Nistal and Manuel J. Fernández-Iglesias and Juan González-Tato and Fernando A. Mikic-Fonte",
}

@inproceedings{Park2019,
author = {Park, Soya and Zhang, Amy X. and Murray, Luke S. and Karger, David R.},
title = {Opportunities for Automating Email Processing: A Need-Finding Study},
year = {2019},
isbn = {9781450359702},
publisher = {Association for Computing Machinery},
address = {New York, NY, USA},
url = {https://doi.org/10.1145/3290605.3300604},
doi = {10.1145/3290605.3300604},
booktitle = {Proceedings of the 2019 CHI Conference on Human Factors in Computing Systems},
pages = {1–12},
numpages = {12},
keywords = {personal information management, email, task management},
location = {Glasgow, Scotland Uk},
series = {CHI '19}
}

@article{McNeill2018,
title = "Artificial Intelligence In The Classroom",
journal = "Microsoft Education Blog",
year = "2018",
author = "Sam McNeill",
}

@article{Buchanan2005,
title={A (Very) Brief History of Artificial Intelligence},
volume={26},
url={https://www.aaai.org/ojs/index.php/aimagazine/article/view/1848},
DOI={10.1609/aimag.v26i4.1848},
number={4},
journal={AI Magazine},
author={Buchanan, Bruce G.},
year={2005},
month={Dec.},
pages={53}
}

@article{Popenici2017,
title = "Exploring the impact of artificial intelligence on teaching and learning in higher education",
journal = "RPTEL",
volume = "12",
number = "22",
year = "2017",
author = "Popenici S.A.D., Kerr S.",
}

@techreport{USA2016,
title = "Preparing for the future of artificial intelligence",
author = "M. Holden, J.P. and Smith",
group = "National Science and Technology Council",
year = "2016",
institution = "United States Executive Office of the President",
address = "Washington D.C. 20502",
month = "October",
}